<record><leader>00000cas a2200000 a 4500</leader><controlfield tag="001">30089112</controlfield><controlfield tag="008">940405d19301948okuwr ne      0    0eng c</controlfield><datafield ind1=" " ind2=" " tag="010"><subfield code="a">sn 94058776 </subfield></datafield><datafield ind1=" " ind2=" " tag="040"><subfield code="a">OBN</subfield><subfield code="b">eng</subfield><subfield code="c">OBN</subfield><subfield code="d">NYS</subfield><subfield code="d">OCLCQ</subfield><subfield code="d">OCLCF</subfield><subfield code="d">OCLCO</subfield></datafield><datafield ind1="1" ind2=" " tag="029"><subfield code="a">AU@</subfield><subfield code="b">000010972761</subfield></datafield><datafield ind1=" " ind2=" " tag="042"><subfield code="a">pcc</subfield></datafield><datafield ind1=" " ind2=" " tag="043"><subfield code="a">n-us-ok</subfield></datafield><datafield ind1="0" ind2=" " tag="130"><subfield code="a">Cherokee County democrat-star (Tahlequah, Okla. : 1930)</subfield></datafield><datafield ind1="1" ind2="0" tag="245"><subfield code="a">Cherokee County democrat-star.</subfield></datafield><datafield ind1=" " ind2=" " tag="260"><subfield code="a">Tahlequah, Okla. :</subfield><subfield code="b">East Oklahoma Pub. Co.</subfield></datafield><datafield ind1=" " ind2=" " tag="300"><subfield code="a">v. :</subfield><subfield code="b">ill. ;</subfield><subfield code="c">56 cm.</subfield></datafield><datafield ind1="0" ind2=" " tag="362"><subfield code="a">Vol. 1, no. 1 (Nov. 21, 1930)-v. 21, no. 38 (Oct. 7, 1948).</subfield></datafield><datafield ind1=" " ind2=" " tag="500"><subfield code="a">"Full compliance with national recovery administration--the voice of Cherokee County since 1883."</subfield></datafield><datafield ind1=" " ind2="0" tag="651"><subfield code="a">Tahlequah (Okla.)</subfield><subfield code="v">Newspapers.</subfield></datafield><datafield ind1=" " ind2="0" tag="651"><subfield code="a">Cherokee County (Okla.)</subfield><subfield code="v">Newspapers.</subfield></datafield><datafield ind1=" " ind2="7" tag="655"><subfield code="a">Newspapers.</subfield><subfield code="2">fast</subfield><subfield code="0">(OCoLC)fst01423814</subfield></datafield><datafield ind1=" " ind2="7" tag="651"><subfield code="a">Oklahoma</subfield><subfield code="z">Cherokee County.</subfield><subfield code="2">fast</subfield><subfield code="0">(OCoLC)fst01221267</subfield></datafield><datafield ind1=" " ind2="7" tag="651"><subfield code="a">Oklahoma</subfield><subfield code="z">Tahlequah.</subfield><subfield code="2">fast</subfield><subfield code="0">(OCoLC)fst01207138</subfield></datafield><datafield ind1=" " ind2=" " tag="752"><subfield code="a">United States</subfield><subfield code="b">Oklahoma</subfield><subfield code="c">Cherokee</subfield><subfield code="d">Tahlequah.</subfield></datafield><datafield ind1="0" ind2="4" tag="780"><subfield code="t">Republican star</subfield></datafield><datafield ind1="0" ind2="4" tag="780"><subfield code="t">Cherokee County democrat (Tahlequah, Okla.)</subfield><subfield code="w">(DLC)sn 94058775</subfield><subfield code="w">(OCoLC)30088999</subfield></datafield><datafield ind1="0" ind2="7" tag="785"><subfield code="t">Tahlequah citizen (Tahlequah, Okla.)</subfield><subfield code="w">(DLC)sn 94058777</subfield><subfield code="w">(OCoLC)30089199</subfield></datafield><datafield ind1="0" ind2="7" tag="785"><subfield code="t">Tahlequah star-citizen (Tahlequah, Okla. : 1948)</subfield><subfield code="w">(DLC)sn 94058778</subfield><subfield code="w">(OCoLC)30089305</subfield></datafield></record>